<record><leader>02527cam a2200325 i 45 0</leader><controlfield tag="001">6802177</controlfield><controlfield tag="005">20150112154219.0</controlfield><controlfield tag="008">150112s2015    ilu           000 0 eng  </controlfield><datafield ind1=" " ind2=" " tag="010"><subfield code="a">  2014036189</subfield></datafield><datafield ind1=" " ind2=" " tag="020"><subfield code="a">9780802412607 (hardback)</subfield></datafield><datafield ind1=" " ind2=" " tag="040"><subfield code="a">DLC</subfield><subfield code="b">eng</subfield><subfield code="e">rda</subfield><subfield code="c">DLC</subfield><subfield code="d">AOAC</subfield></datafield><datafield ind1=" " ind2=" " tag="042"><subfield code="a">pcc</subfield></datafield><datafield ind1="0" ind2="0" tag="050"><subfield code="a">HF5381</subfield><subfield code="b">.D4763 2015</subfield></datafield><datafield ind1="0" ind2="0" tag="082"><subfield code="a">650.14</subfield><subfield code="2">23</subfield></datafield><datafield ind1=" " ind2=" " tag="084"><subfield code="a">REL012090</subfield><subfield code="a">BUS071000</subfield><subfield code="a">BUS012000</subfield><subfield code="2">bisacsh</subfield></datafield><datafield ind1=" " ind2=" " tag="090"><subfield code="a">HF 5381 D53 2015</subfield><subfield code="b">AOAC</subfield></datafield><datafield ind1="1" ind2=" " tag="100"><subfield code="a">Dickie, Robert.</subfield></datafield><datafield ind1="1" ind2="4" tag="245"><subfield code="a">The leap :</subfield><subfield code="b">launching your full-time career in our part-time economy /</subfield><subfield code="c">Robert Dickie III.</subfield></datafield><datafield ind1=" " ind2="1" tag="264"><subfield code="a">Chicago :</subfield><subfield code="b">Moody Publishers,</subfield><subfield code="c">2015.</subfield></datafield><datafield ind1=" " ind2=" " tag="300"><subfield code="a">203 pages ;</subfield><subfield code="c">22 cm.</subfield></datafield><datafield ind1=" " ind2=" " tag="336"><subfield code="a">text</subfield><subfield code="2">rdacontent</subfield></datafield><datafield ind1=" " ind2=" " tag="337"><subfield code="a">unmediated</subfield><subfield code="2">rdamedia</subfield></datafield><datafield ind1=" " ind2=" " tag="338"><subfield code="a">volume</subfield><subfield code="2">rdacarrier</subfield></datafield><datafield ind1=" " ind2=" " tag="504"><subfield code="a">Includes bibliographical references (p. [196]-200).</subfield></datafield><datafield ind1="8" ind2=" " tag="505"><subfield code="a">Machine generated contents note: 1. A Leap in the Midst of a Black Swan -- 2. Make a Plan -- 3. Avoid Anchors -- 4. Develop Your Muscles -- 5. Grow Your Income -- 6. Build Your Brand -- 7. Utilize Social Media -- 8. Expand Your Network -- 9. Join the Team -- 10. Pay It Forward -- 11. Leap into Leadership -- 12. Stick the Landing.</subfield></datafield><datafield ind1=" " ind2=" " tag="520"><subfield code="a">"The world, our economy, and technology have all made major leaps in  the past decade-have you made The Leap along with them?Work  is different for this new generation than it has been in the past. Long-term careers  are on the way out, and "gigs"-part-time, contract, or freelance work-are becoming  more common. Whether you're in the midst of a career or just getting started, now  is the time to prepare for changes headed your way.What does it look like  to avoid anchors? To create multiple income streams? To brand yourself? These tasks  are critical to new generations entering the workforce.Robert Dickie has  served as a decorated Air Force Officer, the CEO of an international company, and  as the leader of several non-profits. He now serves as president of Crown. With  real world experience and advice from a host of industry leaders, Bob outlines seven  proven strategies for operating in our ever-changing landscape that can be translated  into a practical personal action plan to achieve results.This book is exactly  what's needed to help a new generation of adults make the leap to work that lasts  in this new economy"--</subfield><subfield code="c">Provided by publisher.</subfield></datafield><datafield ind1=" " ind2="0" tag="650"><subfield code="a">Career development.</subfield></datafield><datafield ind1=" " ind2="0" tag="650"><subfield code="a">Career changes.</subfield></datafield><datafield ind1=" " ind2=" " tag="596"><subfield code="a">33</subfield></datafield><datafield ind1=" " ind2=" " tag="926"><subfield code="a">HF 5381 D53 2015</subfield><subfield code="w">LC</subfield><subfield code="c">1</subfield><subfield code="i">0164000772248</subfield><subfield code="l">ON_SHELF</subfield><subfield code="m">OLDS</subfield><subfield code="r">Y</subfield><subfield code="s">Y</subfield><subfield code="t">BOOK</subfield><subfield code="u">2/10/2015</subfield></datafield></record>